<?xml version="1.0" encoding="UTF-8"?><collection xmlns="http://www.loc.gov/MARC21/slim"><record><leader>00437nam--2200121-i-4500</leader><controlfield tag="001">000028044</controlfield><controlfield tag="002">20161230</controlfield><controlfield tag="005">20161230201037</controlfield><controlfield tag="008">060222s1000------------r-----000-0-eng-d</controlfield><datafield ind1=" " ind2=" " tag="080"><subfield code="a">621.039:34:614.876</subfield></datafield><datafield ind1=" " ind2=" " tag="245"><subfield code="a">Legislations nucleaires. etude analytique. reglementation relative aux installations nucleaires et a la radioprotection</subfield></datafield><datafield ind1=" " ind2=" " tag="260"><subfield code="a">Paris, Organisation De Cooperation Et De Developpement Economiques, 1972, 541p</subfield></datafield><datafield ind1=" " ind2=" " tag="852"><subfield code="a">40756</subfield></datafield></record></collection>